@misc{symspell2025,
  author       = {Wolf Garbe},
  title        = {{SymSpell} -- 1000x Spelling Correction},
  year         = {2025},
  version      = {6.7.3},
  howpublished = {\url{https://github.com/wolfgarbe/symspell}},
  note         = {Accessed: 2025-06-08}
}

@article{cpclean2021,
  author    = {Bojan Karlaš and Peng Li and Renzhi Wu and Nezihe Merve Gürel and Xu Chu and Wentao Wu and Ce Zhang},
  title     = {Nearest Neighbor Classifiers over Incomplete Information: From Certain Answers to Certain Predictions},
  journal   = {Proceedings of the VLDB Endowment},
  volume    = {14},
  number    = {3},
  pages     = {255--267},
  year      = {2021},
  doi       = {10.14778/3430915.3430917},
  url       = {https://github.com/chu-data-lab/CPClean},
  note      = {Code available at \url{https://github.com/chu-data-lab/CPClean}. Accessed: 2025-06-08}
}
